01REMESSA01COBRANCA       00000000000000000000                              000               290507          0000000LOUBACK PNEUS LTDA ME                                                                                                                                                                                                                                                                000001
1000000000000000000030090000053635000       0000000000000000000000000002329640000000000000000            0  00036125/IN 05060700000000010000000000005N290507000000000000000000000000000000000000000000000000000000000000000239623327000155LOUBACK PNEUS LTDA                      AV. JOAQUIM DAHER, 1479                             29830-00                                                            000002
2APOS VENCIMENTO MULTA DE 2%                                                      MORA DIARIA DE 0,33%                                                            PROTESTO APOS 7 DIAS DE VENCIDO                                                                                                                                                                             300             023296400000000003
9                                                                                                                                                                                                                                                                                                                                                                                                         000004
