01REMESSA01COBRANCA       00008107955         J E K TECNOLOGIA E INFORMATICA021BANESTES       290507                                                                                                                                                                                                                                                                                                      000001
1020442954900015700008107955         004074/03                0000861189                0000               101004074/03 25080700000000069900210000005N250507000000000000000000000000000000000000000000000000000000000000009800000000000000ELENO PROGRAMADOR                       AV. VITORIA, 81                         CENTRO      29830-00NOVA VENECIA   ES                                        000000002
1020442954900015700008107955         004074/03                0000861189                0000               176004074/03 2508070000000006990SUJEITO A PROTESTO APOS 6 DIAS DE VENCIDO                         > APOS O VENCIMENTO PAGAR NO BANESTES                             > JUROS MORA AO DIA: 033%                                                                                                  000003
9                                                                                                                                                                                                                                                                                                                                                                                                         000004
