01REMESSA01COBRANCA       00000000000000000000                              000               290507          0000000LOUBACK PNEUS LTDA ME                                                                                                                                                                                                                                                                000001
1000000000000000000030090000053635000       0000000000000000000000000002329632000000000000000            0  00004074/03 25080700000000069900000000005N250507000000000000000000000000000000000000000000000000000000000000009800000000000000ELENO PROGRAMADOR                       AV. VITORIA, 81                                     29830-00                                                            000002
2APOS VENCIMENTO MULTA DE 2%                                                      MORA DIARIA DE 0,33%                                                            PROTESTO APOS 7 DIAS DE VENCIDO                                                                                                                                                                             300             023296320000000003
9                                                                                                                                                                                                                                                                                                                                                                                                         000004
