01REMESSA01COBRANCA       00000000000000000000                              000               290507          0000000LUSILENE ZANOL LOUBACK ME                                                                                                                                                                                                                                                            000001
1000000000000000000030090000083275000       0000000000000000000000000005789764000000000000000            0  00036125/IN 05060700000000010000000000005N290507000000000000000000000000000000000000000000000000000000000000000239623327000155LOUBACK PNEUS LTDA                      AV. JOAQUIM DAHER, 1479                             29830-00                                                            000002
2MULTA DE 2% APOS O VENCIMENTO                                                    MORA DIARIA DE 0,33%                                                            PROTESTO APOS 7 DIAS DE VENCIDO                                                                                                                                                                             300             057897640000000003
9                                                                                                                                                                                                                                                                                                                                                                                                         000004
